@inproceedings{Nedyalkova:2013:OSC:2494444.2494464,
 author = {Nedyalkova, Stanislava and Bernardino, Jorge},
 title = {Open Source Capture and Replay Tools Comparison},
 booktitle = {Proceedings of the International C* Conference on Computer Science and Software Engineering},
 series = {C3S2E '13},
 year = {2013},
 isbn = {978-1-4503-1976-8},
 location = {Porto, Portugal},
 pages = {117--119},
 numpages = {3},
 url = {http://doi.acm.org/10.1145/2494444.2494464},
 doi = {10.1145/2494444.2494464},
 acmid = {2494464},
 publisher = {ACM},
 address = {New York, NY, USA},
 keywords = {GUI testing, capture and replay tools, graphical user interfaces, open source tools},
}
@inproceedings{Rodrigues:2014:ECR:2652524.2652587,
 author = {Rodrigues, Elder M. and Saad, Rodrigo S. and Oliveira, Flavio M. and Costa, Leandro T. and Bernardino, Maicon and Zorzo, Avelino F.},
 title = {Evaluating Capture and Replay and Model-based Performance Testing Tools: An Empirical Comparison},
 booktitle = {Proceedings of the 8th ACM/IEEE International Symposium on Empirical Software Engineering and Measurement},
 series = {ESEM '14},
 year = {2014},
 isbn = {978-1-4503-2774-9},
 location = {Torino, Italy},
 pages = {9:1--9:8},
 articleno = {9},
 numpages = {8},
 url = {http://doi.acm.org/10.1145/2652524.2652587},
 doi = {10.1145/2652524.2652587},
 acmid = {2652587},
 publisher = {ACM},
 address = {New York, NY, USA},
 keywords = {experiment, performance testing, testing tools},
}
@inproceedings{Jovic:2010:APT:1808266.1808268,
 author = {Jovic, Milan and Adamoli, Andrea and Zaparanuks, Dmitrijs and Hauswirth, Matthias},
 title = {Automating Performance Testing of Interactive Java Applications},
 booktitle = {Proceedings of the 5th Workshop on Automation of Software Test},
 series = {AST '10},
 year = {2010},
 isbn = {978-1-60558-970-1},
 location = {Cape Town, South Africa},
 pages = {8--15},
 numpages = {8},
 url = {http://doi.acm.org/10.1145/1808266.1808268},
 doi = {10.1145/1808266.1808268},
 acmid = {1808268},
 publisher = {ACM},
 address = {New York, NY, USA},
}
@inproceedings{Mickens:2010:MDC:1855711.1855722,
 author = {Mickens, James and Elson, Jeremy and Howell, Jon},
 title = {Mugshot: Deterministic Capture and Replay for Javascript Applications},
 booktitle = {Proceedings of the 7th USENIX Conference on Networked Systems Design and Implementation},
 series = {NSDI'10},
 year = {2010},
 location = {San Jose, California},
 pages = {11--11},
 numpages = {1},
 url = {http://dl.acm.org/citation.cfm?id=1855711.1855722},
 acmid = {1855722},
 publisher = {USENIX Association},
 address = {Berkeley, CA, USA},
}
@ARTICLE {michaelsilverstein2003,
    author  = "Michael Silverstein",
    title   = "Logical Capture/Replay",
    journal = "STQE Magazine",
    year    = "2003",
    volume  = "5",
    number  = "6",
    pages   = "36-42"
}
@inproceedings{McMaster:2009:EHF:1547559.1548260,
 author = {McMaster, Scott and Memon, Atif M.},
 title = {An Extensible Heuristic-Based Framework for GUI Test Case Maintenance},
 booktitle = {Proceedings of the IEEE International Conference on Software Testing, Verification, and Validation Workshops},
 series = {ICSTW '09},
 year = {2009},
 isbn = {978-0-7695-3671-2},
 pages = {251--254},
 numpages = {4},
 url = {http://dx.doi.org/10.1109/ICSTW.2009.11},
 doi = {10.1109/ICSTW.2009.11},
 acmid = {1548260},
 publisher = {IEEE Computer Society},
 address = {Washington, DC, USA},
 keywords = {Graphical user interfaces, Test suite management, Testing strategies, Testing tools},
}
@TECHREPORT {p.leachm.meallingr.salz2005,
    author      = "P. Leach, M. Mealling, R. Salz",
    title       = "A Universally Unique IDentifier (UUID) URN Namespace",
    institution = "RFC Editor",
    year        = "2005",
    type        = "RFC",
    number      = "4122",
    month       = "jul"
}
